% Encoding: UTF-8

@Misc{pypiRUENpysdl2,
 title = {Электронная библиотека [Электронный ресурс] PySDL2 — Индекс пакетов Python (PyPI). Режим доступа: 
 https://pypi.org/project/PySDL2/, свободный. - Загл. с экрана. – Яз. рус., англ.},
 urldate = {2024-02-03}
}

@Misc{docENpysdl2,
	title = {Электронная библиотека [Электронный ресурс] PySDL2 — Документация PySDL2. Режим доступа: 
	https://pysdl2.readthedocs.io/en/0.9.16/, свободный. - Загл. с экрана. – Яз. англ.},
	urldate = {2024-02-03}
}

@Misc{texRUtexstud,
	title = {Электронная библиотека [Электронный ресурс] TeXstudio — Википедия. Режим доступа: 
	https://ru.wikipedia.org/wiki/TeXstudio, свободный. - Загл. с экрана. – Яз. рус.},
	urldate = {2024-02-06}
}

@Misc{texENtexstud,
	title = {Электронная библиотека [Электронный ресурс] TeXstudio — Документация TeXstudio. Режим доступа: 
	https://www.texstudio.org/, свободный. - Загл. с экрана. – Яз. англ.},
	urldate = {2024-02-06}
}

@Misc{texRUtexlive,
	title = {Электронная библиотека [Электронный ресурс] TeX Live — Википедия. Режим доступа: 
	https://ru.wikipedia.org/wiki/TeX\_Live, свободный. - Загл. с экрана. – Яз. рус.},
	urldate = {2024-02-06}
}

@Misc{vscodeEN,
	title = {Электронная библиотека [Электронный ресурс] Visual Studio Code — Документация. Режим доступа: 
	https://code.visualstudio.com/docs, свободный. - Загл. с экрана. – Яз. англ.},
	urldate = {2024-02-06}
}

@Misc{adobeRU,
	title = {Электронная библиотека [Электронный ресурс] Adobe Photoshop — Документация. Режим доступа: 
	https://www.adobe.com/ru/products/photoshop.html, свободный. - Загл. с экрана. – Яз. рус., англ.},
	urldate = {2024-02-22}
}

@Misc{wikiRUGitHub,
	title = {Электронная библиотека [Электронный ресурс] GitHub — Википедия. Режим доступа: https://ru.wikipedia.org/wiki/GitHub, свободный. - Загл. с экрана. – Яз. рус., англ.},
	urldate = {2024-02-22}
}

@Misc{pacmanRU,
	title = {Электронная библиотека [Электронный ресурс] Pac-Man — Википедия. Режим доступа: 
	https://ru.wikipedia.org/wiki/Pac-Man, свободный. - Загл. с экрана. – Яз. рус., англ.},
	urldate = {2024-02-23}
}

@Comment{jabref-meta: databaseType:biblatex;}
